<record><leader>00000cas a22000007a 4500</leader><controlfield tag="001">18196969</controlfield><controlfield tag="008">880711d1uuu1909lauwr ne      0    0eng d</controlfield><datafield ind1=" " ind2=" " tag="010"><subfield code="a">sn 88064552 </subfield></datafield><datafield ind1=" " ind2=" " tag="040"><subfield code="a">LNP</subfield><subfield code="b">eng</subfield><subfield code="c">LNP</subfield><subfield code="d">OCLCQ</subfield></datafield><datafield ind1=" " ind2=" " tag="042"><subfield code="a">msc</subfield></datafield><datafield ind1="0" ind2="0" tag="245"><subfield code="a">Rural topics.</subfield></datafield><datafield ind1=" " ind2=" " tag="260"><subfield code="a">Morgan City, La. :</subfield><subfield code="b">[s.n.]</subfield></datafield><datafield ind1=" " ind2=" " tag="300"><subfield code="a">v.</subfield></datafield><datafield ind1=" " ind2=" " tag="310"><subfield code="a">Weekly</subfield></datafield><datafield ind1="1" ind2=" " tag="362"><subfield code="a">Ceased with Nov. 20, 1909 issue.</subfield></datafield><datafield ind1=" " ind2=" " tag="588"><subfield code="a">Description based on: Vol. 21, no. 15 (Jan. 6, 1900).</subfield></datafield><datafield ind1=" " ind2=" " tag="752"><subfield code="a">United States</subfield><subfield code="b">Louisiana</subfield><subfield code="c">Saint Mary</subfield><subfield code="d">Morgan City.</subfield></datafield><datafield ind1="0" ind2="0" tag="780"><subfield code="t">Independent Democrat</subfield><subfield code="w">(DLC)sn 88064551</subfield></datafield><datafield ind1="0" ind2="0" tag="785"><subfield code="t">Morgan City outlook and rural topics</subfield><subfield code="w">(DLC)sn 88064680</subfield></datafield></record>